% ------------------------- %
%     Articles & Docs       %
% ------------------------- %

@article{dastani1,
        author = {Mehdi Dastani},
        title = {Programming Multi-Agent Systems},
        journal = {Utrecht University}
}




% ----------------- %
%       URLs        %
% ----------------- %


@misc{ntp602,
    title = {{Guía de Buenas Prácticas NPT 602}},
    howpublished = {\\\url{https://www.insst.es/documents/94886/326775/ntp_602.pdf/51b9742c-27a1-4ece-a446-ca88cbd6d926}}
}

@misc{rd485,
    title = {{Real Decreto 485/1997 sobre Señalización de Seguridad}},
    howpublished = {\\\url{https://www.boe.es/buscar/act.php?id=BOE-A-1997-8668}}
}