% ------------------------- %
%     Articles & Docs       %
% ------------------------- %

@article{batool01,
        author = {Amna Batool},
        title = {A Survey of Key Challenges of Agile in Global Software Development: A Case Study with Malaysia Perspective},
        journal = {International Journal of Industrial and Manufacturing Engineering, Vol13, nยบ10}
}




% ----------------- %
%       URLs        %
% ----------------- %

@misc{cloud01,
    title = {Arquitectura {V}on {N}eumann},
    howpublished = {\\\url{https://es.wikipedia.org/wiki/Arquitectura_de_Von_Neumann}}
}










