% ------------------------- %
%     Articles & Docs       %
% ------------------------- %

@article{dastani1,
        author = {Mehdi Dastani},
        title = {Programming Multi-Agent Systems},
        journal = {Utrecht University}
}




% ----------------- %
%       URLs        %
% ----------------- %

@misc{mysql,
    title = {Wikipedia - {M}y{SQL}},
    howpublished = {\url{https://es.wikipedia.org/wiki/MySQL}}
}


