% ------------------------- %
%     Articles & Docs       %
% ------------------------- %

@article{dastani1,
        author = {Mehdi Dastani},
        title = {Programming Multi-Agent Systems},
        journal = {Utrecht University}
}




% ----------------- %
%       URLs        %
% ----------------- %

@misc{vmware01,
    title = {{VMWare Docs}},
    howpublished = {\\\url{https://docs.vmware.com/es/VMware-Tools/index.html}}
}

@misc{wiki02,
    title = {{Wikipedia - IEEE 802.3bz}},
    howpublished = {\\\url{https://en.wikipedia.org/wiki/Wi-Fi_6}}
}


