% ------------------------- %
%     Articles & Docs       %
% ------------------------- %

@article{batool01,
        author = {Amna Batool},
        title = {A Survey of Key Challenges of Agile in Global Software Development: A Case Study with Malaysia Perspective},
        journal = {International Journal of Industrial and Manufacturing Engineering, Vol13, nยบ10}
}




% ----------------- %
%       URLs        %
% ----------------- %

@misc{cloud01,
    title = {Bases de Datos en la Nube},
    howpublished = {\\\url{https://www.oracle.com/es/database/what-is-a-cloud-database/}}
}










