% ------------------------- %
%     Articles & Docs       %
% ------------------------- %

@article{batool01,
        author = {Amna Batool},
        title = {A Survey of Key Challenges of Agile in Global Software Development: A Case Study with Malaysia Perspective},
        journal = {International Journal of Industrial and Manufacturing Engineering, Vol13, nยบ10}
}




% ----------------- %
%       URLs        %
% ----------------- %

@misc{wiki01,
    title = {{OpenJDK - Wikipedia}},
    howpublished = {\url{https://en.wikipedia.org/wiki/OpenJDK}}
}










