% ------------------------- %
%     Articles & Docs       %
% ------------------------- %

@article{dastani1,
        author = {Mehdi Dastani},
        title = {Programming Multi-Agent Systems},
        journal = {Utrecht University}
}




% ----------------- %
%       URLs        %
% ----------------- %

@misc{amd01,
    title = {Página oficial de {AMD} sobre {R}yzen 5 3500{U}},
    howpublished = {\\\url{https://www.amd.com/en/product/8341}}
}

@misc{msi01,
    title = {Página de soporte de {MSI}},
    howpublished = {\\\url{https://es.msi.com/Motherboard/MAG-Z590-TOMAHAWK-WIFI/support#manual}}
}

@misc{msi02,
    title = {Sección {G}alería de la página de {MSI}},
    howpublished = {\\\url{https://es.msi.com/Motherboard/MAG-Z590-TOMAHAWK-WIFI/Gallery}}
}