% ------------------------- %
%     Articles & Docs       %
% ------------------------- %

@article{dastani1,
        author = {Mehdi Dastani},
        title = {Programming Multi-Agent Systems},
        journal = {Utrecht University}
}




% ----------------- %
%       URLs        %
% ----------------- %

@misc{bussi,
    title = {{Art√≠culo de Bussines Insider sobre teletrabajo y productividad}},
    howpublished = {\\\url{https://www.businessinsider.es/estudios-demuestran-teletrabajo-aumento-productividad-933347}}
}


