% ------------------------- %
%     Articles & Docs       %
% ------------------------- %

@article{dastani1,
        author = {Mehdi Dastani},
        title = {Programming Multi-Agent Systems},
        journal = {Utrecht University}
}




% ----------------- %
%       URLs        %
% ----------------- %

@misc{mscluf01,
    title = {Página oficial de {M}icrosoft con los términos de uso},
    howpublished = {\\\url{https://www.microsoft.com/es-es/useterms}}
}

@misc{wiki01,
    title = {Wikipedia - {C}hrome},
    howpublished = {\\\url{https://www.google.com/intl/es/chrome/terms/}}
}

@misc{chrome01,
    title = {Términos de Servicio adicionales de {G}oogle para {C}hrome},
    howpublished = {\\\url{https://www.google.com/intl/es/chrome/terms/}}
}

@misc{wiki02,
    title = {Wikipedia - {L}icencia {BSD}},
    howpublished = {\\\url{https://es.wikipedia.org/wiki/Licencia_BSD}}
}

@misc{vcl01,
    title = {Wikipedia - {VCL} media player},
    howpublished = {\\\url{https://es.wikipedia.org/wiki/VLC_media_player}}
}

@misc{avas1,
    title = {{EULA} de Avast},
    howpublished = {\\\url{https://static3.avast.com/10002736/web/o/legal/EULA_legacy/EULA_v1.14/EULA_v1.14_en-ww.pdf}}
}

@misc{adobe1,
    title = {Wikipedia - {A}dobe {A}crobat},
    howpublished = {\\\url{https://es.wikipedia.org/wiki/Adobe_Acrobat}}
}

@misc{wiki03,
    title = {Wikipedia - {K}ernel},
    howpublished = {\\\url{https://es.wikipedia.org/wiki/Adobe_Acrobat}}
}

@misc{wiki04,
    title = {Wikipedia - {M}onolithic Kernel},
    howpublished = {\\\url{https://en.wikipedia.org/wiki/Monolithic_kernel}}
}

@misc{wiki05,
    title = {Wikipedia - {H}ybrid kernel},
    howpublished = {\\\url{https://en.wikipedia.org/wiki/Hybrid_kernel}}
}








