% ------------------------- %
%     Articles & Docs       %
% ------------------------- %

@article{dastani1,
        author = {Mehdi Dastani},
        title = {Programming Multi-Agent Systems},
        journal = {Utrecht University}
}




% ----------------- %
%       URLs        %
% ----------------- %

@misc{tex,
    title = {Wikipedia - {T}eX},
    howpublished = {\url{ttps://es.wikipedia.org/wiki/TeX}}
}


