% ------------------------- %
%     Articles & Docs       %
% ------------------------- %

@article{dastani1,
        author = {Mehdi Dastani},
        title = {Programming Multi-Agent Systems},
        journal = {Utrecht University}
}




% ----------------- %
%       URLs        %
% ----------------- %


@misc{apuntes01,
        author = {Ministerio de Educación y profesorado de la Junta de Andalucía},
        title = {Tema 8 - {A}puntes asignatura {FOL}},
        note = {https://educacionadistancia.juntadeandalucia.es/formacionprofesional/mod/scorm/view.php?id=64150}
}






