% ------------------------- %
%     Articles & Docs       %
% ------------------------- %

@article{dastani1,
        author = {Mehdi Dastani},
        title = {Programming Multi-Agent Systems},
        journal = {Utrecht University}
}




% ----------------- %
%       URLs        %
% ----------------- %

@misc{rd2015,
    title = {{Real Decreto Legislativo 2/2015, de 23 de octubre}},
    howpublished = {\\\url{https://www.boe.es/buscar/act.php?id=BOE-A-2015-11430}}
}

@misc{const,
    title = {{Constitución Española - Articulo 35}},
    howpublished = {\\\url{https://www.boe.es/buscar/act.php?id=BOE-A-1978-31229&p=20110927&tn=1#a30}}
}

@misc{itss,
    title = {{Inspección de Trabajo y Seguridad Social}},
    howpublished = {\\\url{https://www.mites.gob.es/itss/web/Que_hacemos/Funciones_ITSS/index.html}}
}