% ------------------------- %
%     Articles & Docs       %
% ------------------------- %

@article{dastani1,
        author = {Mehdi Dastani},
        title = {Programming Multi-Agent Systems},
        journal = {Utrecht University}
}




% ----------------- %
%       URLs        %
% ----------------- %

@misc{intell01,
    title = {Página oficial de {IntelliJ IDEA} - {D}ownload},
    howpublished = {\\\url{https://www.jetbrains.com/idea/download/\#section=windows}}
}

@misc{intell02,
    title = {Página oficial de {IntelliJ IDEA} - {P}ricing},
    howpublished = {\\\url{https://www.jetbrains.com/idea/buy/\#commercial}}
}
