% ------------------------- %
%     Articles & Docs       %
% ------------------------- %

@article{dastani1,
        author = {Mehdi Dastani},
        title = {Programming Multi-Agent Systems},
        journal = {Utrecht University}
}




% ----------------- %
%       URLs        %
% ----------------- %

@misc{wiki01,
    title = {{Wikipedia - IEEE 802.3bz}},
    howpublished = {\\\url{https://es.wikipedia.org/wiki/IEEE_802.3bz_(2.5GBASE-T_y_5GBASE-T)}}
}

@misc{wiki02,
    title = {{Wikipedia - IEEE 802.3bz}},
    howpublished = {\\\url{https://en.wikipedia.org/wiki/Wi-Fi_6}}
}


