% ------------------------- %
%     Articles & Docs       %
% ------------------------- %

@article{batool01,
        author = {Amna Batool},
        title = {A Survey of Key Challenges of Agile in Global Software Development: A Case Study with Malaysia Perspective},
        journal = {International Journal of Industrial and Manufacturing Engineering, Vol13, nº10}
}




% ----------------- %
%       URLs        %
% ----------------- %

@misc{wiki01,
    title = {Wikipedia - {H}ardware},
    howpublished = {\url{https://es.wikipedia.org/wiki/Hardware}}
}

@misc{wiki02,
    title = {Wikipedia - {S}oftware},
    howpublished = {\url{https://es.wikipedia.org/wiki/Software}}
}

@misc{tipos,
    title = {Tipos de Software},
    author={Joaquin Marquéz y Sergio Ernesto Gastón Perez},
    howpublished = {\\\url{https://es.slideshare.net/susahhreyyhha/tipos-de-software-15979630}}
}

@misc{lenguaje,
    title = {Wikipedia - {L}enguaje de Programación},
    howpublished = {\\\url{https://es.wikipedia.org/wiki/Lenguaje_de_programaci%C3%B3n}}
}

@misc{tiobe,
    title = {Indice {TIOBE}},
    howpublished = {\url{https://www.tiobe.com/tiobe-index/}}
}


@misc{wiki03,
    title = {Wikipedia - Java Runtime Environment},
    howpublished = {\\\url{https://es.wikipedia.org/wiki/Java_Runtime_Environment}}
}






