% ------------------------- %
%     Articles & Docs       %
% ------------------------- %

@article{dastani1,
        author = {Mehdi Dastani},
        title = {Programming Multi-Agent Systems},
        journal = {Utrecht University}
}




% ----------------- %
%       URLs        %
% ----------------- %

@misc{et01,
    title = {{Artículo 64 del Estatuto de los Trabadores}},
    howpublished = {\\\url{https://www.boe.es/buscar/act.php?id=BOE-A-2015-11430}}
}

@misc{lprl01,
    title = {{Artículo 15 de la Ley de Protección de Riesgos Laborales}},
    howpublished = {\\\url{https://www.boe.es/buscar/act.php?id=BOE-A-1995-24292}}
}


